@inbook{Cankaya2011Authentication,
  author    = {Cankaya, EbruCelikel},
  editor    = {van Tilborg, Henk C. A. and Jajodia, Sushil},
  location  = {Boston, MA},
  publisher = {Springer US},
  url       = {https://doi.org/10.1007/978-1-4419-5906-5_772},
  title = {Encyclopedia of Cryptography and Security},
  date      = {2011},
  doi       = {10.1007/978-1-4419-5906-5_772},
  isbn      = {978-1-4419-5906-5},
  pages     = {61--62},
  title     = {Authentication},
}

@inbook{Hermes2019Building,
  author    = {Hermes, Dan and Mazloumi, Nina},
  location  = {New York, NY},
  publisher = {Apress},
  chapter   = {2, Building Xamarin.Forms Apps Using XAML},
  year      = {c2019},
  doi       = {10.1007/978-1-4842-4030-4},
  isbn      = {978-1-4842-4030-4},
  pages     = {43--44},
  subtitle  = {Mobile Cross-Platform XAML and Xamarin.Forms Fundamentals},
  title     = {Building Xamarin.Forms Mobile Apps Using XAML},
}

@inbook{Eisenman2015Learning,
  author    = {Eisenman, Bonnie},
  location  = {Sebastopol, CA},
  publisher = {O'Reilly Media},
  chapter   = {1, What Is React Native?},
  date      = {2015},
  isbn      = {978-1-4919-2900-1},
  title     = {Learning React Native : building mobile applications with JavaScript},
}

@inbook{Gao2003Testing,
  author    = {Gao, Jerry Zeyu and Tsao, H.-S. Jacob and Wu, Ye},
  location  = {Norwood, Massachusetts, United States},
  publisher = {Artech House},
  chapter   = {6, Black-box testing methods for software components},
  year      = {c2003},
  isbn      = {978-1-5805-3480-2},
  title     = {Testing and Quality Assurance for Component-Based Software},
}

@inproceedings{Shreya2019OCRCNN,
  author    = {Shreya, Sakshi and Upadhyay, Yash and Manchanda, Mohit and Vohra, Rubeena and Singh, Gagan Deep},
  url       = {https://ieeexplore.ieee.org/document/8991268},
  booktitle = {2019 6th International Conference on Computing for Sustainable Global Development (INDIACom)},
  date      = {2019},
  isbn      = {978-9-3805-4434-2},
  pages     = {55--59},
  title     = {Optical Character Recognition using Convolutional Neural Network},
  urldate   = {2021-04-25},
}

@book{Gonzalez2008Digital,
  author    = {Gonzalez, Rafael C. and Woods, Richard E.},
  location  = {Upper Saddle River, New Jersey, USA},
  publisher = {Pearson Prentice Hall},
  url       = {http://sdeuoc.ac.in/sites/default/files/sde_videos/Digital\%20Image\%20Processing\%203rd\%20ed.\%20-\%20R.\%20Gonzalez\%2C\%20R.\%20Woods-ilovepdf-compressed.pdf},
  date      = {2008},
  edition   = {3},
  isbn      = {978-0-1316-8728-8},
  subtitle  = {Third Edition},
  title     = {Digital Image Processing},
  urldate   = {2021-05-08},
}

@inproceedings{Huang2019ICDAR,
  author    = {Huang, Zheng and Chen, Kai and He, Jianhua and Bai, Xiang and Karatzas, Dimosthenis and Lu, Shijian and Jawahar, C. V.},
  url       = {https://ieeexplore.ieee.org/stamp/stamp.jsp?tp=&arnumber=8977955},
  booktitle = {2019 International Conference on Document Analysis and Recognition (ICDAR)},
  date      = {2019},
  doi       = {10.1109/ICDAR.2019.00244},
  isbn      = {978-1-7281-3014-9},
  pages     = {1516--1520},
  title     = {ICDAR2019 Competition on Scanned Receipt OCR and Information Extraction},
  urldate   = {2021-05-11},
}

@article{BojanowskiEtal2017Enriching,
  author       = {Bojanowski, Piotr and Grave, Edouard and Joulin, Armand and Mikolov, Tomas},
  url          = {https://www.aclweb.org/anthology/Q17-1010},
  chapter      = {3.2, Subword model},
  date         = {2017},
  doi          = {10.1162/tacl_a_00051},
  issn         = {2307-387X},
  journaltitle = {Transactions of the Association for Computational Linguistics},
  pages        = {137},
  title        = {Enriching Word Vectors with Subword Information},
  urldate      = {2021-04-29},
  volume       = {5},
}

@inproceedings{PatelEtal2018Magnitude,
  author    = {Patel, Ajay and Sands, Alexander and Callison-Burch, Chris and Apidianaki, Marianna},
  location  = {Brussels, Belgium},
  publisher = {Association for Computational Linguistics},
  url       = {https://www.aclweb.org/anthology/D18-2021},
  booktitle = {Proceedings of the 2018 Conference on Empirical Methods in Natural Language Processing: System Demonstrations},
  date      = {2018-11},
  doi       = {10.18653/v1/D18-2021},
  pages     = {120--126},
  title     = {Magnitude: A Fast, Efficient Universal Vector Embedding Utility Package},
  urldate   = {2021-04-01},
}

@thesis{Ziegaus2016TemplateMatching,
  author      = {Ziegaus, Marco},
  institution = {University of Passau, Faculty of Computer Science and Mathematics},
  location    = {Passau, Germany},
  url         = {https://www.fim.uni-passau.de/fileadmin/dokumente/fakultaeten/fim/lehrstuhl/sauer/geyer/BA_MA_Arbeiten/BA-ZiegausMarco-201607.pdf},
  title       = {Optical Character Recognition on supermarket receipts},
  type        = {Bachelor's thesis},
  year        = {2016-06-19, {\upshape chap. 5.4.3, Template matching}},
  urldate     = {2021-04-01},
}

@online{WhatIsFormRecognizer,
  location     = {Redmond, Washington, USA},
  publisher    = {Microsoft},
  url          = {https://docs.microsoft.com/en-us/azure/cognitive-services/form-recognizer/overview},
  date         = {2021-03-15},
  journaltitle = {Microsoft Docs},
  title        = {What is Form Recognizer?},
  urldate      = {2021-04-01},
}

@online{WhatIsXamarin,
  location     = {Redmond, Washington, USA},
  publisher    = {Microsoft},
  url          = {https://docs.microsoft.com/cs-cz/xamarin/get-started/what-is-xamarin},
  date         = {2020-05-28},
  journaltitle = {Microsoft Docs},
  title        = {What is Xamarin?},
  urldate      = {2021-04-17},
}

@online{RNNativeModulesIntro,
  location     = {Menlo Park, California, USA},
  publisher    = {Facebook},
  url          = {https://reactnative.dev/docs/native-modules-intro},
  date         = {2021-03-12},
  journaltitle = {React Native},
  title        = {Native Modules Intro},
  urldate      = {2021-04-15},
}

@online{JavaScriptRNEnvironment,
  location     = {Menlo Park, California, USA},
  publisher    = {Facebook},
  url          = {https://reactnative.dev/docs/javascript-environment},
  date         = {2021-03-12},
  journaltitle = {React Native},
  title        = {JavaScript Environment},
  urldate      = {2021-05-02},
}

@online{ReactTestRenderer,
  location     = {Menlo Park, California, USA},
  publisher    = {Facebook},
  url          = {https://reactjs.org/docs/test-renderer.html},
  date         = {2021},
  journaltitle = {React},
  title        = {Test Renderer},
  urldate      = {2021-05-13},
}

@online{ReactNativeTestingLibrary,
  location     = {Wroc≈Çaw, Poland},
  publisher    = {Callstack},
  url          = {https://callstack.github.io/react-native-testing-library/docs/getting-started/},
  date         = {2021},
  journaltitle = {React Native Testing Library},
  title        = {Getting Started},
  urldate      = {2021-05-13},
}

@online{GridFS,
  location     = {New York, New York, USA},
  publisher    = {MongoDB},
  url          = {https://docs.mongodb.com/manual/core/gridfs/},
  date         = {2021-04-08},
  journaltitle = {MongoDB Manual},
  title        = {GridFS},
  urldate      = {2021-04-20},
}

@online{DigitalOcean2019Database,
  location     = {New York, New York, USA},
  publisher    = {DigitalOcean},
  url          = {https://www.digitalocean.com/community/tutorials/a-comparison-of-nosql-database-management-systems-and-models},
  date         = {2014-02-21/2019-08-09},
  journaltitle = {DigitalOcean},
  note         = {License: \href{https://creativecommons.org/licenses/by-nc-sa/4.0/}{CC BY-NC-SA 4.0}},
  title        = {A Comparison of NoSQL Database Management Systems and Models},
  urldate      = {2021-04-20},
}

@online{FlutterHomepage,
  location     = {Mountain View, California, USA},
  publisher    = {Google},
  url          = {https://flutter.dev/},
  journaltitle = {Flutter},
  title        = {Flutter - Beautiful native apps in record time},
  urldate      = {2021-04-17},
}

@online{GartnerOpenSource,
  location     = {Stamford, Connecticut, USA},
  publisher    = {Gartner},
  url          = {https://www.gartner.com/en/information-technology/glossary/open-source},
  journaltitle = {Gartner Information Technology Glossary},
  title        = {Definition of Open Source},
  urldate      = {2021-05-18},
}

@online{GartnerJavaScript,
  location     = {Stamford, Connecticut, USA},
  publisher    = {Gartner},
  url          = {https://www.gartner.com/en/information-technology/glossary/javascript},
  journaltitle = {Gartner Information Technology Glossary},
  title        = {Definition of Javascript},
  urldate      = {2021-05-18},
}

@online{GartnerHTML,
  location     = {Stamford, Connecticut, USA},
  publisher    = {Gartner},
  url          = {https://www.gartner.com/en/information-technology/glossary/html-hypertext-markup-language},
  journaltitle = {Gartner Information Technology Glossary},
  title        = {Definition of HTML},
  urldate      = {2021-05-18},
}

@online{W3CCSS,
  publisher    = {W3C},
  url          = {https://www.w3.org/Style/CSS/},
  date         = {2021-05-13}, 
  journaltitle = {W3C},
  title        = {Cascading Style Sheets},
  urldate      = {2021-05-18},
}

@online{WebNative,
  location     = {Madison, Wisconsin, USA},
  publisher    = {Ionic},
  url          = {https://webnative.tech/},
  journaltitle = {Web Native - Modern Cross-platform Web Apps},
  title        = {Web Native},
  urldate      = {2021-05-18},
}

@online{Unicode,
  publisher    = {Unicode},
  url          = {https://unicode.org/glossary/#unicode},
  date         = {2021-02-10}, 
  journaltitle = {Unicode Glossary},
  title        = {Unicode},
  urldate      = {2021-05-19},
}

@online{Ecma2017JSON,
  location     = {Geneva, Switzerland},
  publisher    = {Ecma International},
  url          = {https://www.ecma-international.org/wp-content/uploads/ECMA-404_2nd_edition_december_2017.pdf},
  date         = {2017-12},
  title        = {ECMA-404},
  subtitle.    = {The JSON data interchange syntax},
  edition      = {2},
  urldate      = {2021-05-19},
}

@online{FlutterDesktopSupport,
  location     = {Mountain View, California, USA},
  publisher    = {Google},
  url          = {https://flutter.dev/desktop},
  journaltitle = {Flutter},
  title        = {Desktop support for Flutter},
  date         = {2021-05-17},
  urldate      = {2021-05-19},
}

@online{WhatIsElectron,
  location     = {San Francisco, California, USA},
  publisher    = {OpenJS Foundation},
  url          = {https://www.electronjs.org/docs/tutorial/quick-start},
  journaltitle = {Electron},
  title        = {Quick Start Guide},
  date         = {2021-05-13},
  urldate      = {2021-05-19},
}

@online{CapacitorHomepage,
  location     = {Madison, Wisconsin, USA},
  publisher    = {Ionic},
  url          = {https://capacitorjs.com/},
  journaltitle = {Capacitor},
  title        = {Capacitor: Cross-platform native runtime for web apps},
  urldate      = {2021-04-17},
}

@online{PewResearchCenter2021Mobile,
  location     = {Washington (D.C.), USA},
  publisher    = {Pew Research Center},
  url          = {https://www.pewresearch.org/internet/fact-sheet/mobile/},
  date         = {2021-04-07},
  journaltitle = {Pew Research Center},
  title        = {Mobile Fact Sheet},
  urldate      = {2021-04-17},
}

@online{Idc2021Smartphone,
  location     = {Needham, Massachusetts, USA},
  publisher    = {IDC Corporate USA},
  url          = {https://www.idc.com/promo/smartphone-market-share/os},
  date         = {2021-04-08},
  journaltitle = {IDC},
  title        = {Smartphone Market Share},
  urldate      = {2021-04-17},
}

@online{Statcounter2021Desktop,
  location     = {Dublin, Ireland},
  publisher    = {Statcounter},
  url          = {https://gs.statcounter.com/os-market-share/desktop/worldwide},
  date         = {2021-03},
  journaltitle = {Statcounter},
  note         = {License: \href{https://creativecommons.org/licenses/by-sa/3.0/}{CC BY-SA 3.0}},
  title        = {Desktop Operating System Market Share Worldwide},
  urldate      = {2021-04-17},
}

@article{Singh2011Feature,
  author       = {Singh, Pritpal and Budhiraja, Sumit},
  publisher    = {Citeseer},
  url          = {http://citeseerx.ist.psu.edu/viewdoc/download?doi=10.1.1.299.7852&rep=rep1&type=pdf},
  date         = {2011},
  journaltitle = {International Journal of Engineering Research and Applications (IJERA)},
  number       = {4},
  pages        = {1736--1739},
  title        = {Feature extraction and classification techniques in OCR systems for handwritten Gurmukhi Script--a survey},
  urldate      = {2021-04-25},
  volume       = {1},
}

@online{FormRecognizerPricing,
  location     = {Redmond, Washington, USA},
  publisher    = {Microsoft},
  url          = {https://azure.microsoft.com/en-us/pricing/details/cognitive-services/form-recognizer/},
  journaltitle = {Microsoft Azure},
  title        = {Cognitive Services Pricing - Form Recognizer API},
  urldate      = {2021-04-28},
}

@online{CloudFirestorePricing,
  location     = {Mountain View, California, USA},
  publisher    = {Google},
  url          = {https://cloud.google.com/firestore/pricing},
  journaltitle = {Google Cloud},
  title        = {Cloud Firestore Pricing},
  date         = {2021-05-17},
  urldate      = {2021-05-18},
}

@online{CloudStoragePricing,
  location     = {Mountain View, California, USA},
  publisher    = {Google},
  url          = {https://cloud.google.com/storage/pricing},
  journaltitle = {Google Cloud},
  title        = {Cloud Storage Pricing},
  date         = {2021-05-17},
  urldate      = {2021-05-18},
}

@online{ContainerRegistryPricing,
  location     = {Mountain View, California, USA},
  publisher    = {Google},
  url          = {https://cloud.google.com/container-registry/pricing},
  journaltitle = {Google Cloud},
  title        = {Container Registry Pricing},
  date         = {2021-05-17},
  urldate      = {2021-05-18},
}

@online{CloudRunPricing,
  location     = {Mountain View, California, USA},
  publisher    = {Google},
  url          = {https://cloud.google.com/run/pricing},
  journaltitle = {Google Cloud},
  title        = {Cloud Run Pricing},
  date         = {2021-05-17},
  urldate      = {2021-05-18},
}

@online{CloudBuildPricing,
  location     = {Mountain View, California, USA},
  publisher    = {Google},
  url          = {https://cloud.google.com/build/pricing},
  journaltitle = {Google Cloud},
  title        = {Cloud Build Pricing},
  date         = {2021-05-17},
  urldate      = {2021-05-18},
}

@inbook{Jurafsky2020Speech,
  author   = {Jurafsky2020, Daniel and H. James, Martin},
  url      = {https://web.stanford.edu/~jurafsky/slp3/6.pdf},
  chapter  = {6, Vector Semantics and Embeddings},
  edition  = {3rd ed. draft},
  subtitle = {An introduction to natural language processing, computational linguistics, and speech recognition.},
  title    = {Speech and Language Processing},
  year     = {c2020},
  urldate  = {2021-04-29},
}

@inproceedings{Mikolov2018Advances,
  author    = {Mikolov, Tomas and Grave, Edouard and Bojanowski, Piotr and Puhrsch, Christian and Joulin, Armand},
  url       = {https://arxiv.org/pdf/1712.09405.pdf},
  booktitle = {Proceedings of the International Conference on Language Resources and Evaluation (LREC 2018)},
  chapter   = {3, Training data},
  date      = {2018},
  pages     = {2--3},
  title     = {Advances in Pre-Training Distributed Word Representations},
  urldate   = {2021-04-29},
}

@online{ExpressExpense2019Receipt,
  location     = {Walnut, California, USA},
  publisher    = {ExpressExpense},
  url          = {https://expressexpense.com/blog/free-receipt-images-ocr-machine-learning-dataset/},
  date         = {2019},
  journaltitle = {ExpressExpense},
  title        = {FREE Receipt Images ‚Äì OCR / Machine Learning Dataset},
  urldate      = {2021-05-06},
}

@online{OpenCVThresholding,
  publisher    = {OpenCV},
  url          = {https://docs.opencv.org/master/d7/d4d/tutorial_py_thresholding.html},
  date         = {2021-04-02},
  journaltitle = {OpenCV Documentation},
  title        = {Image Thresholding},
  urldate      = {2021-05-08},
}

@online{Fowler2006Continuous,
  location     = {Chicago, Illinois, USA},
  publisher    = {Martin Fowler},
  url          = {https://martinfowler.com/articles/continuousIntegration.html},
  date         = {2006-05-01},
  journaltitle = {Martin Fowler},
  title        = {Continuous Integration},
  urldate      = {2021-05-10},
}

@comment{"date field contains date created and date edited, separated by comma, in the format of YYYY-MM-DD, e.g. date = {2020-04-15/2021-03-27}"}
@comment{"urldate has the same format of YYYY-MM-DD"}
@comment{"Do not reformat with biber! It will delete invalid entries such as those mentioned in the comments below. (biber --tool --output-fieldcase=lower --output-align bibliography.bib)"}
@comment{"\upshape is a hack to include chapter. The field has to be year, not date."}
@comment{"c2019 emits warning about not sorting properly, but it is fine, since the entries are processed in citation order - https://www.overleaf.com/learn/latex/Bibliography_management_with_biblatex#Reference_guide. The field has to be year, not date."}
@comment{"booktitle is used only in inproceedings and incollection"}
